@article{spira2007airway,
  title={Airway epithelial gene expression in the diagnostic evaluation of smokers with suspect lung cancer},
  author={Spira, Avrum and Beane, Jennifer and Shah, Vijay and et al.},
  journal={Nature Medicine},
  volume={13},
  number={3},
  pages={361--366},
  year={2007},
  publisher={Nature Publishing Group},
  doi={10.1038/nm1556}
}
@misc{errica2022fair,
      title={A Fair Comparison of Graph Neural Networks for Graph Classification}, 
      author={Federico Errica and Marco Podda and Davide Bacciu and Alessio Micheli},
      year={2022},
      eprint={1912.09893},
      archivePrefix={arXiv},
      primaryClass={cs.LG}
}

@article{knninputer,
author = {Troyanskaya, Olga and Cantor, Mike and Sherlock, Gavin and Hastie, Trevor and Tibshirani, Rob and Botstein, David and Altman, Russ},
year = {2001},
month = {07},
pages = {520-525},
title = {Missing Value Estimation Methods for DNA Microarrays},
volume = {17},
journal = {Bioinformatics},
doi = {10.1093/bioinformatics/17.6.520}
}

@misc{biogrid,
author = {Oughtred R and Rust J and Chang C et al},
title = {The BioGRID database: A comprehensive biomedical resource of curated protein, genetic, and chemical interactions.}
}

@misc{gcnconv,
      title={Semi-Supervised Classification with Graph Convolutional Networks}, 
      author={Thomas N. Kipf and Max Welling},
      year={2017},
      eprint={1609.02907},
      archivePrefix={arXiv},
      primaryClass={cs.LG}
}

@misc{hendrycks2020gaussian,
      title={Gaussian Error Linear Units (GELUs)}, 
      author={Dan Hendrycks and Kevin Gimpel},
      year={2020},
      eprint={1606.08415},
      archivePrefix={arXiv},
      primaryClass={cs.LG}
}

@article{Bacciu_2020,
	doi = {10.1016/j.neunet.2020.06.006},
  
	url = {https://doi.org/10.1016%2Fj.neunet.2020.06.006},
  
	year = 2020,
	month = {sep},
  
	publisher = {Elsevier {BV}
},
  
	volume = {129},
  
	pages = {203--221},
  
	author = {Davide Bacciu and Federico Errica and Alessio Micheli and Marco Podda},
	title = {A gentle introduction to deep learning for graphs},
	journal = {Neural Networks}
}

@inproceedings{Fey/Lenssen/2019,
  title={Fast Graph Representation Learning with {PyTorch Geometric}},
  author={Fey, Matthias and Lenssen, Jan E.},
  booktitle={ICLR Workshop on Representation Learning on Graphs and Manifolds},
  year={2019},
}

@incollection{NEURIPS2019_9015, 
title = {PyTorch: An Imperative Style, High-Performance Deep Learning Library}, 
author = {Paszke, Adam and Gross, Sam and Massa, Francisco and Lerer, Adam and Bradbury, James and Chanan, Gregory and Killeen, Trevor and Lin, Zeming and Gimelshein, Natalia and Antiga, Luca and Desmaison, Alban and Kopf, Andreas and Yang, Edward and DeVito, Zachary and Raison, Martin and Tejani, Alykhan and Chilamkurthy, Sasank and Steiner, Benoit and Fang, Lu and Bai, Junjie and Chintala, Soumith},
booktitle = {Advances in Neural Information Processing Systems 32}, 
pages = {8024--8035}, 
year = {2019}, 
publisher = {Curran Associates, Inc.}, 
url = {http://papers.neurips.cc/paper/9015-pytorch-an-imperative-style-high-performance-deep-learning-library.pdf} 
}

@article{scikitlearn,
 title={Scikit-learn: Machine Learning in {P}ython},
 author={Pedregosa, F. and Varoquaux, G. and Gramfort, A. and Michel, V.
         and Thirion, B. and Grisel, O. and Blondel, M. and Prettenhofer, P.
         and Weiss, R. and Dubourg, V. and Vanderplas, J. and Passos, A. and
         Cournapeau, D. and Brucher, M. and Perrot, M. and Duchesnay, E.},
 journal={Journal of Machine Learning Research},
 volume={12},
 pages={2825--2830},
 year={2011}
}

@software{reback2020pandas,
    author       = {The pandas development team},
    title        = {pandas-dev/pandas: Pandas},
    month        = feb,
    year         = 2020,
    publisher    = {Zenodo},
    version      = {latest},
    doi          = {10.5281/zenodo.3509134},
    url          = {https://doi.org/10.5281/zenodo.3509134}
}
